@report{Zhuang,
author = {Li Zhuang, Feng Zhou, J. D. Tygar},
title = {Keyboard Acoustic Emanations Revisited},
type = {type},
institution = {University of California, Berkeley},
date = {Oct 2009},
url = {http://www.keyboard-emanations.org},
}
